<?xml version="1.0" encoding="UTF-8"?><collection xmlns="http://www.loc.gov/MARC21/slim"><record><leader>00418nam--2200121-i-4500</leader><controlfield tag="001">000043745</controlfield><controlfield tag="002">20161230</controlfield><controlfield tag="005">20161230201044</controlfield><controlfield tag="008">060222s1000------------r-----000-0-eng-d</controlfield><datafield ind1=" " ind2=" " tag="100"><subfield code="a">Strupler, Nicole</subfield></datafield><datafield ind1=" " ind2=" " tag="245"><subfield code="a">Sur la formation d`oxydes mixtes du vanadium pentavalent avec le cuivre ou le molybdene. etude de leur reduction par l`hydrogene</subfield></datafield><datafield ind1=" " ind2=" " tag="260"><subfield code="a">Paris, La Faculte Des Sciences De L`Univ., 1965, 22p</subfield></datafield><datafield ind1=" " ind2=" " tag="852"><subfield code="a">22782</subfield></datafield></record></collection>